<?xml version="1.0" encoding="UTF-8" ?>
<collection xmlns:xsi="http://www.w3.org/2001/XMLSchema-instance" xsi:schemaLocation="http://www.loc.gov/MARC21/slim http://www.loc.gov/standards/marcxml/schema/MARC21slim.xsd" xmlns="http://www.loc.gov/MARC21/slim">
   <record>
      <leader>     mam a22      a 4500</leader>
      <controlfield tag="001">1880882</controlfield>
      <controlfield tag="003">NIC</controlfield>
      <controlfield tag="005">20131119175002.0</controlfield>
      <controlfield tag="008">860731q19801986ir            000 0 ara d</controlfield>
      <datafield tag="010" ind1=" " ind2=" ">
         <subfield code="a">   84931632 </subfield>
      </datafield>
      <datafield tag="035" ind1=" " ind2=" ">
         <subfield code="a">(NIC)notisAJU0699</subfield>
      </datafield>
      <datafield tag="035" ind1=" " ind2=" ">
         <subfield code="a">(OCoLC)22167890</subfield>
      </datafield>
      <datafield tag="035" ind1=" " ind2=" ">
         <subfield code="a">1880882</subfield>
      </datafield>
      <datafield tag="040" ind1=" " ind2=" ">
         <subfield code="a">NNU</subfield>
         <subfield code="c">NNU</subfield>
         <subfield code="d">NIC</subfield>
      </datafield>
      <datafield tag="100" ind1="1" ind2=" ">
         <subfield code="a">Azharī, Khālid ibn ʻAbd Allāh,</subfield>
         <subfield code="d">-1499.</subfield>
      </datafield>
      <datafield tag="240" ind1="1" ind2="0">
         <subfield code="a">Taṣrīḥ ʻalá al-Tawḍīḥ</subfield>
      </datafield>
      <datafield tag="245" ind1="1" ind2="0">
         <subfield code="a">Sharḥ al-Taṣrīḥ ʻalá al-tawḍīḥ /</subfield>
         <subfield code="c">li-Khālid ibn ʻAbd Allāh al-Azharī ʻalá Alfiyat ibn Mālik fī al-naḥw wa-al-ṣarf li-Jamāl al-Dīn Abī Muḥammad ibn ʻAbd Allāh ibn Yūsuf Hishām al-Anṣarī; wa-bi-hāmishihi ḥāshiyatuhu Yāsīn ibn Zayn al-Dīn al-ʻUlaymī al-Ḥimṣī.</subfield>
      </datafield>
      <datafield tag="260" ind1=" " ind2=" ">
         <subfield code="a">Tihrān:</subfield>
         <subfield code="b">Nāṣir-i Khusraw,</subfield>
         <subfield code="c">[198-?]</subfield>
      </datafield>
      <datafield tag="300" ind1=" " ind2=" ">
         <subfield code="a">2 v. ;</subfield>
         <subfield code="c">30 cm.</subfield>
      </datafield>
      <datafield tag="600" ind1="1" ind2="0">
         <subfield code="a">Ibn Hishām, ʻAbd Allāh ibn Yūsuf,</subfield>
         <subfield code="d">1309-1360.</subfield>
         <subfield code="t">Awḍaḥ al-masālik ilá Alfiyat Ibn Mālik.</subfield>
      </datafield>
      <datafield tag="650" ind1=" " ind2="0">
         <subfield code="a">Arabic language</subfield>
         <subfield code="x">Grammar.</subfield>
      </datafield>
      <datafield tag="700" ind1="1" ind2=" ">
         <subfield code="a">ʻUlaymī, Yāsīn ibn Zayn al-Dīn,</subfield>
         <subfield code="d">-1651.</subfield>
      </datafield>
      <datafield tag="740" ind1="0" ind2=" ">
         <subfield code="a">Taṣrīḥ ʻalá al-tawḍīḥ.</subfield>
      </datafield>
      <datafield tag="903" ind1=" " ind2=" ">
         <subfield code="a">NYUACO</subfield>
         <subfield code="d">20131119</subfield>
         <subfield code="p">31924059115828</subfield>
      </datafield>
      <datafield tag="903" ind1=" " ind2=" ">
         <subfield code="a">NYUACO</subfield>
         <subfield code="d">20131119</subfield>
         <subfield code="p">31924059115836</subfield>
      </datafield>
      <datafield tag="905" ind1=" " ind2=" ">
         <subfield code="a">19910603120000.0</subfield>
      </datafield>
      <datafield tag="948" ind1="2" ind2=" ">
         <subfield code="a">20021203</subfield>
         <subfield code="b">m</subfield>
         <subfield code="d">aj67</subfield>
         <subfield code="e">cts</subfield>
      </datafield>
      <datafield tag="948" ind1="2" ind2=" ">
         <subfield code="a">20100406</subfield>
         <subfield code="b">m</subfield>
         <subfield code="d">batch</subfield>
         <subfield code="e">lts</subfield>
         <subfield code="x">del9XXtxt</subfield>
      </datafield>
      <datafield tag="950" ind1=" " ind2=" ">
         <subfield code="a">PJ6101.I193</subfield>
         <subfield code="b">A9 1980</subfield>
         <subfield code="d">\+\</subfield>
      </datafield>
      <datafield tag="995" ind1=" " ind2=" ">
         <subfield code="a">Hivolm</subfield>
         <subfield code="d">20100406</subfield>
      </datafield>
      <datafield tag="903" ind1=" " ind2=" ">
         <subfield code="a">NYUACO</subfield>
         <subfield code="d">20140402</subfield>
         <subfield code="p">31924059115828</subfield>
      </datafield>
      <datafield tag="950" ind1=" " ind2=" ">
         <subfield code="a">Oversize</subfield>
         <subfield code="b">PJ6101.I193 .A99 +</subfield>
         <subfield code="v">juz1 </subfield>
      </datafield>
      <datafield tag="903" ind1=" " ind2=" ">
         <subfield code="a">NYUACO</subfield>
         <subfield code="d">20140402</subfield>
         <subfield code="p">31924059115836</subfield>
      </datafield>
      <datafield tag="950" ind1=" " ind2=" ">
         <subfield code="a">Oversize</subfield>
         <subfield code="b">PJ6101.I193 .A99 +</subfield>
         <subfield code="v">juz2 </subfield>
      </datafield>
   </record>
</collection>
